<record><leader>00000cas a22000007a 4500</leader><controlfield tag="001">15047087</controlfield><controlfield tag="008">870108c19329999laudn ne      0   a0eng d</controlfield><datafield ind1=" " ind2=" " tag="010"><subfield code="a">sn 87007055 </subfield></datafield><datafield ind1=" " ind2=" " tag="040"><subfield code="a">NSD</subfield><subfield code="b">eng</subfield><subfield code="c">NSD</subfield><subfield code="d">LNP</subfield><subfield code="d">DLC</subfield><subfield code="d">OCLCQ</subfield><subfield code="d">OCLCF</subfield><subfield code="d">OCLCO</subfield></datafield><datafield ind1=" " ind2=" " tag="012"><subfield code="l">1</subfield><subfield code="m">1</subfield></datafield><datafield ind1="1" ind2=" " tag="022"><subfield code="a">0891-8708</subfield><subfield code="l">0891-8708</subfield><subfield code="2">1</subfield></datafield><datafield ind1="1" ind2=" " tag="029"><subfield code="a">AU@</subfield><subfield code="b">000025840310</subfield></datafield><datafield ind1=" " ind2=" " tag="032"><subfield code="a">473760</subfield><subfield code="b">USPS</subfield></datafield><datafield ind1=" " ind2=" " tag="037"><subfield code="b">The Ruston Daily Leader, P.O. Box 520, Ruston, LA 71270-0520</subfield></datafield><datafield ind1=" " ind2=" " tag="042"><subfield code="a">nsdp</subfield></datafield><datafield ind1=" " ind2="4" tag="222"><subfield code="a">The Ruston daily leader</subfield></datafield><datafield ind1="0" ind2="4" tag="245"><subfield code="a">The Ruston daily leader.</subfield></datafield><datafield ind1="1" ind2="0" tag="246"><subfield code="a">Ruston-daily leader</subfield></datafield><datafield ind1="1" ind2="7" tag="246"><subfield code="a">Ruston (La.) daily leader</subfield></datafield><datafield ind1=" " ind2=" " tag="260"><subfield code="a">Ruston, La.:</subfield><subfield code="b">C.E. Faulk, Jr.,</subfield><subfield code="c">1932-</subfield></datafield><datafield ind1=" " ind2=" " tag="310"><subfield code="a">Daily (except Sat.)</subfield><subfield code="b">Aug. 6, 1979-</subfield></datafield><datafield ind1=" " ind2=" " tag="321"><subfield code="a">Daily (except Sun.)</subfield><subfield code="b">1932-June 6, 1942</subfield></datafield><datafield ind1=" " ind2=" " tag="321"><subfield code="a">Daily (except Sat. and Sun.)</subfield><subfield code="b">June 8, 1942-Oct. 30, 1957</subfield></datafield><datafield ind1=" " ind2=" " tag="321"><subfield code="a">Daily (except Sat.)</subfield><subfield code="b">Oct. 31, 1957-Jan. 15, 1968</subfield></datafield><datafield ind1=" " ind2=" " tag="321"><subfield code="a">Daily (except Sat. and Sun.)</subfield><subfield code="b">Jan 16, 1968-Aug. 3, 1979</subfield></datafield><datafield ind1="0" ind2=" " tag="362"><subfield code="a">Vol. 28, no. 30 (May 3, 1932)-</subfield></datafield><datafield ind1=" " ind2=" " tag="500"><subfield code="a">Title varies slightly: Ruston-daily leader.</subfield></datafield><datafield ind1=" " ind2=" " tag="530"><subfield code="a">Available also on microfilm.</subfield></datafield><datafield ind1=" " ind2=" " tag="580"><subfield code="a">Weekly edition:  Ruston leader.</subfield></datafield><datafield ind1=" " ind2="0" tag="651"><subfield code="a">Ruston (La.)</subfield><subfield code="v">Newspapers.</subfield></datafield><datafield ind1=" " ind2="7" tag="655"><subfield code="a">Newspapers.</subfield><subfield code="2">fast</subfield><subfield code="0">(OCoLC)fst01423814</subfield></datafield><datafield ind1=" " ind2="7" tag="651"><subfield code="a">Louisiana</subfield><subfield code="z">Ruston.</subfield><subfield code="2">fast</subfield><subfield code="0">(OCoLC)fst01219288</subfield></datafield><datafield ind1=" " ind2=" " tag="752"><subfield code="a">United States</subfield><subfield code="b">Louisiana</subfield><subfield code="c">Lincoln</subfield><subfield code="d">Ruston.</subfield></datafield><datafield ind1="1" ind2=" " tag="775"><subfield code="t">Ruston leader</subfield><subfield code="w">(DLC)sn 88064475</subfield></datafield><datafield ind1="1" ind2=" " tag="776"><subfield code="c">Microfilm</subfield><subfield code="w">(OcoLC)10496576</subfield></datafield><datafield ind1="0" ind2="0" tag="780"><subfield code="t">Daily leader (Ruston, La.)</subfield><subfield code="w">(DLC)sn 88064474</subfield></datafield></record>